%% This BibTeX bibliography file was created using BibDesk.
%% http://bibdesk.sourceforge.net/

%% Saved with string encoding Unicode (UTF-8) 
%% Taimur:Note the need for \url to be nested within note, unless somebody finds an easier way to do it just add url: before the href


@misc{heaTelDefinition,
    author    = "HEAcademy",
    title     = "Technology enhanced learning Toolkit",
    howpublished = {\url{url:goo.gl/lUbQhi}},
    note = {Accessed: 2017-03-02},
    keywords  = "HEA"
}


@misc{edugovUK,
    author    = "Department for Education",
    title     = "Statutory guidance; National curriculum in England:                  computing programmes of study",
    Year ={2013},
    howpublished = {\url{https://www.gov.uk/government/publications/national-curriculum-in-england-computing-programmes-of-study/national-curriculum-in-england-computing-programmes-of-study}},
    note = {Accessed: 2017-03-02},
    keywords  = "Gov"
}

@misc{govUKTELCostSavings,
    author ="Department of Health",
    title     = "A framework for technology enhanced learning",
    Year ={2011},
    howpublished = {\url{https://www.gov.uk/government/publications/a-framework-for-technology-enhanced-learning}},
    note = {Accessed: 2017-03-02},
    keywords  = "Gov"
}

@misc{bbcCS1970,
    author ="Judith Burns",
    title     = "Coding on tape  computer science A-level 1970s style",
    Year ={2016},
    howpublished = {\url{http://www.bbc.co.uk/news/education-35890450}},
    note = {Accessed: 2017-03-02},
    keywords  = "Gov"
}

@misc{telegraphTeachingShortage,
    author ="Javier Espanoza",
    title     = "Schools face shortage of teachers in non-key subjects",
    Year ={2015},
    howpublished = {\url{http://www.telegraph.co.uk/education/universityeducation/11530993/Schools-face-shortage-of-teachers-in-non-key-subjects.html}},
    note = {Accessed: 2017-03-02},
    keywords  = "Gov"
}
@misc{guardianTeachingShortage,
    author ="Anna Bawden",
    title     = "There are just not enough teachersâ€™: sciences struggle to recruit",
    Year ={2015},
    howpublished = {\url{https://www.theguardian.com/education/2015/sep/15/not-enough-teachers-science-shortage-teaching-jobs}},
    note = {Accessed: 2017-03-02},
    keywords  = "Gov"
}


@misc{guardianCSEducation,
    author    = "Benji Lanyado",
    title     = "The UK's attitude to computer education needs a reboot",
    Year ={2012},
    howpublished = {\url{https://www.theguardian.com/commentisfree/2012/sep/06/uk-computer-education-needs-reboot}},
    note = {Accessed: 2017-03-02},
    keywords  = "Guardian"
}


@misc{GEL,
    Author = {Sara de Freitas and Kristian Kiili and Muriel Ney and Michela Ott and Maria Popescu and Margarida Romero and Ioana Stanescu},
    Year ={2012},
    title = {Exploring Game Enhanced Learning},
    howpublished = {\url{http://ac.els-cdn.com/S1877050912008447/1-s2.0-S1877050912008447-main.pdf?_tid=672c5f6c-ff4f-11e6-81ce-00000aacb360&acdnat=1488462904_54bdb8cedc4765b064cee7901796161b}},
    note = {Accessed: 2017-03-02}
}

@misc{UniTexAus,
  author = "University of Texas at Austin",
  title = {Technology Enhanced Learning},
  howpublished = {\url{https://facultyinnovate.utexas.edu/teaching/tech}},
  note = {Accessed: 2017-03-02}
}










@book{griersonRH,
	Author = {C. Grierson and J. Schiefelbein},
	Date-Added = {2012-09-27 13:06:21 +0100},
	Date-Modified = {2012-09-27 13:06:21 +0100},
	Publisher = {American Society of Plant Biologist},
	Title = {The Arabidopsis Book},
	Year = {2002}}

@article{mjones01,
	Author = {M. Jones and N. Smirnoff},
	Date-Added = {2012-09-27 13:06:21 +0100},
	Date-Modified = {2012-09-27 13:06:21 +0100},
	Journal = {J. of Exp. Bot.},
	Number = {15},
	Pages = {4269--4275},
	Title = {Nuclear dynamics during the simultaneous and sustained tip growth of multiple root hairs arising from a single root epidermal cell},
	Volume = {57},
	Year = {2006}}

@article{massuci01,
	Author = {J. D. Masucci and J. W. Schiefelbein},
	Date-Added = {2012-09-19 08:40:38 +0100},
	Date-Modified = {2012-09-25 20:03:04 +0100},
	Journal = {Plant. Physiol.},
	Pages = {1335-1346},
	Title = {The rhd6 Mutation of Arabidopsis thaliana Alters Root-Hair Initiation trhough an Auxin- and Ethylene-Associated Process},
	Volume = {106},
	Year = {1994}}

@article{payne01,
	Author = {R.J.H. Payne and C.S. Grierson},
	Date-Added = {2011-06-09 15:48:34 +0100},
	Date-Modified = {2012-03-05 18:44:58 +0100},
	Journal = {PLoS ONE},
	Number = {12},
	Pages = {e8337. doi:10.1371/journal.pone.0008337},
	Title = {A theoretical model for ROP localisation by auxin in arabidopsis root hair cells},
	Volume = {4},
	Year = {2009}}

@article{rigas01,
	Author = {S. Rigas and G. Debrosses and K. Haralampidis and F. Vicente-Angulo and K. A. Feldman and A. Grabov and L. Dolan and P. Hatzpoulos},
	Date-Added = {2012-09-19 08:28:34 +0100},
	Date-Modified = {2012-09-19 08:30:59 +0100},
	Journal = {The Plant Cell},
	Pages = {139--151},
	Title = {TRH1 Encondes a Potassium Transporter REquired for Tip Growth in Arabidopsis Root Hairs},
	Volume = {13},
	Year = {2001}}
